@misc{kortke2002,
  title = {Simplified Tools and Methods for Measuring Crystals},
  author = {Jim Kortge},
  howpublished = "\url{http://www.k8iqy.com/testequipment/pvxo/Atlanticon2002V1R5.pdf}",
}

@book{hiebel2007fundamentals,
  title={Fundamentals of vector network analysis},
  author={Hiebel, Michael},
  year={2007},
  publisher={Rohde \& Schwarz}
}

@article{hiebel2008vector,
  title={Vector network analyzer (VNA) calibration: the basics},
  author={Hiebel, Michael},
  journal={White Paper},
  year={2008}
}

